@book{math_body,
 author = {森田 真生},
 yomi = {Masao Morita},
 editor = {},
 title = {数学する身体},
 publisher = {新潮社},
 year = {2018},
 note = {{ISBN:} 978-4-10-121366-8}
}

% Solovay-Strassenテスト
@article{DBLP:journals/siamcomp/SolovayS77,
  author    = {Robert Solovay and
               Volker Strassen},
  title     = {A Fast Monte-Carlo Test for Primality},
  journal   = {{SIAM} J. Comput.},
  volume    = {6},
  number    = {1},
  pages     = {84--85},
  year      = {1977}
}
